@article{chakrabarti2010near,
  title={A near-optimal algorithm for estimating the entropy of a stream},
  author={Chakrabarti, Amit and Cormode, Graham and McGregor, Andrew},
  journal={ACM Transactions on Algorithms (TALG)},
  volume={6},
  number={3},
  pages={51},
  year={2010},
  publisher={ACM}
}

@inproceedings{Alon:1996:SCA:237814.237823,
 author = {Alon, Noga and Matias, Yossi and Szegedy, Mario},
 title = {The Space Complexity of Approximating the Frequency Moments},
 booktitle = {Proceedings of the Twenty-eighth Annual ACM Symposium on Theory of Computing},
 series = {STOC '96},
 year = {1996},
 pages = {20--29},
 numpages = {10},
 acmid = {237823},
 publisher = {ACM},
}

@techreport{Misra:1982:FRE:867576,
 author = {Misra, Jayadev and Gries, David},
 title = {Finding Repeated Elements},
 year = {1982},
 source = {http://www.ncstrl.org:8900/ncstrl/servlet/search?formname=detail\&id=oai%3Ancstrlh%3Acornellcs%3ACORNELLCS%3ATR82-505},
 publisher = {Cornell University},
 address = {Ithaca, NY, USA},
}

@inproceedings{Bose2003BoundsFF,
  title={Bounds for Frequency Estimation of Packet Streams},
  author={Prosenjit Bose and Evangelos Kranakis and Pat Morin and Yihui Tang},
  booktitle={SIROCCO},
  year={2003}
}

@article{Vitter:1985:RSR:3147.3165,
 author = {Vitter, Jeffrey S.},
 title = {Random Sampling with a Reservoir},
 journal = {ACM Trans. Math. Softw.},
 issue_date = {March 1985},
 volume = {11},
 number = {1},
 month = mar,
 year = {1985},
 issn = {0098-3500},
 pages = {37--57},
 numpages = {21},
 acmid = {3165},
 publisher = {ACM},
 address = {New York, NY, USA},
} 
